<record><leader>00000cas a2200000 a 4500</leader><controlfield tag="001">17360735</controlfield><controlfield tag="008">880119d19041906wauwr ne      0    0eng d</controlfield><datafield ind1=" " ind2=" " tag="010"><subfield code="a">sn 88085269 </subfield></datafield><datafield ind1=" " ind2=" " tag="040"><subfield code="a">SLZ</subfield><subfield code="b">eng</subfield><subfield code="c">SLZ</subfield><subfield code="d">OCL</subfield><subfield code="d">OCLCQ</subfield></datafield><datafield ind1=" " ind2=" " tag="042"><subfield code="a">msc</subfield></datafield><datafield ind1="0" ind2=" " tag="130"><subfield code="a">Outburst (Spokane, Wash. : 1904)</subfield></datafield><datafield ind1="1" ind2="4" tag="245"><subfield code="a">The outburst.</subfield></datafield><datafield ind1=" " ind2=" " tag="260"><subfield code="a">Spokane, Wash. :</subfield><subfield code="b">Outburst Pub. Co.</subfield></datafield><datafield ind1=" " ind2=" " tag="300"><subfield code="a">v.</subfield></datafield><datafield ind1=" " ind2=" " tag="310"><subfield code="a">Weekly</subfield></datafield><datafield ind1="0" ind2=" " tag="362"><subfield code="a">12th yr., no. 592 (Jan. 2, 1904)-</subfield></datafield><datafield ind1="1" ind2=" " tag="362"><subfield code="a">Ceased in June 1906.</subfield></datafield><datafield ind1=" " ind2=" " tag="752"><subfield code="a">United States</subfield><subfield code="b">Washington</subfield><subfield code="c">Spokane</subfield><subfield code="d">Spokane.</subfield></datafield><datafield ind1="0" ind2="0" tag="780"><subfield code="t">Saturday spectator (Spokane, Wash.)</subfield><subfield code="w">(DLC)sn 88085270</subfield></datafield><datafield ind1="0" ind2="0" tag="785"><subfield code="t">Orator-outburst</subfield><subfield code="w">(DLC)sn 88085268</subfield></datafield></record>